@inbook{Sanchez2010,
author = {Sanchez, Pablo and Reyes Cort√©s, Fernando},
year = {2010},
month = {03},
pages = {172},
title = {Cartesian Control for Robot Manipulators},
isbn = {978-953-307-073-5},
doi = {10.5772/9186}
}